@article{allan78domination,
  author = {Allan, Robert B. and Laskar, Renu},
  title = {On domination and independent domination numbers of a graph},
  year = {1978},
  pages = {73--76},
  note = {\href{http://dx.doi.org/10.1016/0012-365X(78)90105-X}{\nolinkurl{doi:10.1016/0012-365X(78)90105-X}}.},
  journal = {Discrete Mathematics},
  number = {2},
  volume = {23}
}

@inproceedings{angluin80local,
  author = {Angluin, Dana},
  title = {Local and global properties in networks of processors},
  year = {1980},
  pages = {82--93},
  note = {\href{http://dx.doi.org/10.1145/800141.804655}{\nolinkurl{doi:10.1145/800141.804655}}.},
  publisher = {ACM Press},
  booktitle = {Proc.\ 12th Annual ACM Symposium on Theory of Computing (STOC 1980)}
}

@inproceedings{astrand09vc2apx,
  author = {{\AA}strand, Matti and Flor{\'e}en, Patrik and Polishchuk, Valentin and Rybicki, Joel and Suomela, Jukka and Uitto, Jara},
  title = {A local 2-approximation algorithm for the vertex cover problem},
  year = {2009},
  pages = {191--205},
  note = {\href{http://dx.doi.org/10.1007/978-3-642-04355-0_21}{\nolinkurl{doi:10.1007/978-3-642-04355-0_21}}.},
  publisher = {Springer},
  series = {Lecture Notes in Computer Science},
  volume = {5805},
  booktitle = {Proc.\ 23rd International Symposium on Distributed Computing (DISC 2009)}
}

@misc{astrand10weakly-coloured,
  author = {{\AA}strand, Matti and Polishchuk, Valentin and Rybicki, Joel and Suomela, Jukka and Uitto, Jara},
  title = {Local algorithms in (weakly) coloured graphs},
  year = {2010},
  note = {\href{http://arxiv.org/abs/1002.0125}{\nolinkurl{arXiv:1002.0125}}.}
}

@article{awerbuch85complexity,
  author = {Awerbuch, Baruch},
  title = {Complexity of network synchronization},
  year = {1985},
  pages = {804--823},
  note = {\href{http://dx.doi.org/10.1145/4221.4227}{\nolinkurl{doi:10.1145/4221.4227}}.},
  journal = {Journal of the ACM},
  number = {4},
  volume = {32}
}

@article{bar-yehuda81linear-time,
  author = {Bar-Yehuda, Reuven and Even, Shimon},
  title = {A linear-time approximation algorithm for the weighted vertex cover problem},
  year = {1981},
  pages = {198--203},
  note = {\href{http://dx.doi.org/10.1016/0196-6774(81)90020-1}{\nolinkurl{doi:10.1016/0196-6774(81)90020-1}}.},
  journal = {Journal of Algorithms},
  number = {2},
  volume = {2}
}

@book{bondy76graph-theory,
  author = {Bondy, John A. and Murty, U. S. R.},
  title = {Graph Theory with Applications},
  year = {1976},
  publisher = {North-Holland},
  address = {New York}
}

@article{cole86deterministic,
  author = {Cole, Richard and Vishkin, Uzi},
  title = {Deterministic coin tossing with applications to optimal parallel list ranking},
  year = {1986},
  pages = {32--53},
  note = {\href{http://dx.doi.org/10.1016/S0019-9958(86)80023-7}{\nolinkurl{doi:10.1016/S0019-9958(86)80023-7}}.},
  journal = {Information and Control},
  number = {1},
  volume = {70}
}

@inproceedings{czygrinow08fast,
  author = {Czygrinow, Andrzej and Ha{\'n}{\'c}kowiak, Micha{\l} and Wawrzyniak, Wojciech},
  title = {Fast distributed approximations in planar graphs},
  year = {2008},
  pages = {78--92},
  note = {\href{http://dx.doi.org/10.1007/978-3-540-87779-0_6}{\nolinkurl{doi:10.1007/978-3-540-87779-0_6}}.},
  publisher = {Springer},
  series = {Lecture Notes in Computer Science},
  volume = {5218},
  booktitle = {Proc.\ 22nd International Symposium on Distributed Computing (DISC 2008)}
}

@book{diestel05graph,
  author = {Diestel, Reinhard},
  title = {Graph Theory},
  year = {2005},
  note = {\url{http://diestel-graph-theory.com/}.},
  publisher = {Springer},
  address = {Berlin},
  edition = {3rd}
}

@book{dolev00self-stabilization,
  author = {Dolev, Shlomi},
  title = {Self-Stabilization},
  year = {2000},
  publisher = {The MIT Press},
  address = {Cambridge, MA}
}

@inproceedings{friedman11deterministic,
  author = {Friedman, Roy and Kogan, Alex},
  title = {Deterministic dominating set construction in networks with bounded degree},
  year = {2011},
  pages = {65--76},
  note = {\href{http://dx.doi.org/10.1007/978-3-642-17679-1_6}{\nolinkurl{doi:10.1007/978-3-642-17679-1_6}}.},
  publisher = {Springer},
  series = {Lecture Notes in Computer Science},
  volume = {6522},
  booktitle = {Proc.\ 12th International Conference on Distributed Computing and Networking (ICDCN 2011)}
}

@article{goldberg88parallel,
  author = {Goldberg, Andrew V. and Plotkin, Serge A. and Shannon, Gregory E.},
  title = {Parallel symmetry-breaking in sparse graphs},
  year = {1988},
  pages = {434--446},
  note = {\href{http://dx.doi.org/10.1137/0401044}{\nolinkurl{doi:10.1137/0401044}}.},
  journal = {SIAM Journal on Discrete Mathematics},
  number = {4},
  volume = {1}
}

@inproceedings{hanckowiak98distributed,
  author = {Ha{\'n}{\'c}kowiak, Micha{\l} and Karo{\'n}ski, Micha{\l} and Panconesi, Alessandro},
  title = {On the distributed complexity of computing maximal matchings},
  year = {1998},
  pages = {219--225},
  publisher = {Society for Industrial and Applied Mathematics},
  booktitle = {Proc.\ 9th Annual ACM-SIAM Symposium on Discrete Algorithms (SODA 1998)}
}

@inproceedings{korman05proof,
  author = {Korman, Amos and Kutten, Shay and Peleg, David},
  title = {Proof labeling schemes},
  year = {2005},
  pages = {9--18},
  note = {\href{http://dx.doi.org/10.1145/1073814.1073817}{\nolinkurl{doi:10.1145/1073814.1073817}}.},
  publisher = {ACM Press},
  booktitle = {Proc.\ 24th Annual ACM Symposium on Principles of Distributed Computing (PODC 2005)}
}

@article{linial92locality,
  author = {Linial, Nathan},
  title = {Locality in distributed graph algorithms},
  year = {1992},
  pages = {193--201},
  note = {\href{http://dx.doi.org/10.1137/0221015}{\nolinkurl{doi:10.1137/0221015}}.},
  journal = {SIAM Journal on Computing},
  number = {1},
  volume = {21}
}

@article{luby86simple,
  author = {Luby, Michael},
  title = {A simple parallel algorithm for the maximal independent set problem},
  year = {1986},
  pages = {1036--1053},
  note = {\href{http://dx.doi.org/10.1137/0215074}{\nolinkurl{doi:10.1137/0215074}}.},
  journal = {SIAM Journal on Computing},
  number = {4},
  volume = {15}
}

@book{lynch96book,
  author = {Lynch, Nancy A.},
  title = {Distributed Algorithms},
  year = {1996},
  publisher = {Morgan Kaufmann Publishers},
  address = {San Francisco}
}

@article{naor95what,
  author = {Naor, Moni and Stockmeyer, Larry},
  title = {What can be computed locally?},
  year = {1995},
  pages = {1259--1277},
  note = {\href{http://dx.doi.org/10.1137/S0097539793254571}{\nolinkurl{doi:10.1137/S0097539793254571}}.},
  journal = {SIAM Journal on Computing},
  number = {6},
  volume = {24}
}

@incollection{nesetril95ramsey,
  author = {Ne{\v s}et{\v r}il, Jaroslav},
  editor = {Graham, R. L. and Gr{\"o}tschel, M. and Lov{\'a}sz, L.},
  title = {Ramsey theory},
  year = {1995},
  publisher = {Elsevier},
  address = {Amsterdam},
  volume = {2},
  booktitle = {Handbook of Combinatorics},
  chapter = {25}
}

@article{panconesi01some,
  author = {Panconesi, Alessandro and Rizzi, Romeo},
  title = {Some simple distributed algorithms for sparse networks},
  year = {2001},
  pages = {97--100},
  note = {\href{http://dx.doi.org/10.1007/PL00008932}{\nolinkurl{doi:10.1007/PL00008932}}.},
  journal = {Distributed Computing},
  number = {2},
  volume = {14}
}

@book{papadimitriou98combinatorial,
  author = {Papadimitriou, Christos H. and Steiglitz, Kenneth},
  title = {Combinatorial Optimization: Algorithms and Complexity},
  year = {1998},
  publisher = {Dover Publications, Inc.},
  address = {Mineola}
}

@article{petersen1891dietheorie,
  author = {Petersen, Julius},
  title = {Die {T}heorie der regul{\"a}ren graphs},
  year = {1891},
  pages = {193--220},
  note = {\href{http://dx.doi.org/10.1007/BF02392606}{\nolinkurl{doi:10.1007/BF02392606}}.},
  journal = {Acta Mathematica},
  number = {1},
  volume = {15}
}

@article{polishchuk09simple,
  author = {Polishchuk, Valentin and Suomela, Jukka},
  title = {A simple local 3-approximation algorithm for vertex cover},
  year = {2009},
  pages = {642--645},
  note = {\href{http://dx.doi.org/10.1016/j.ipl.2009.02.017}{\nolinkurl{doi:10.1016/j.ipl.2009.02.017}}. \href{http://arxiv.org/abs/0810.2175}{\nolinkurl{arXiv:0810.2175}}.},
  journal = {Information Processing Letters},
  number = {12},
  volume = {109}
}

@article{radziszowski11ramsey,
  author = {Radziszowski, Stanis{\l}aw P.},
  title = {Small {R}amsey numbers},
  year = {2011},
  pages = {Dynamic Survey DS1},
  note = {\url{http://www.combinatorics.org/ojs/index.php/eljc/article/view/DS1}.},
  journal = {The Electronic Journal of Combinatorics}
}

@article{ramsey30problem,
  author = {Ramsey, Frank P.},
  title = {On a problem of formal logic},
  year = {1930},
  pages = {264--286},
  note = {\href{http://dx.doi.org/10.1112/plms/s2-30.1.264}{\nolinkurl{doi:10.1112/plms/s2-30.1.264}}.},
  journal = {Proceedings of the London Mathematical Society},
  volume = {30}
}

@inproceedings{suomela10eds,
  author = {Suomela, Jukka},
  title = {Distributed algorithms for edge dominating sets},
  year = {2010},
  pages = {365--374},
  note = {\href{http://dx.doi.org/10.1145/1835698.1835783}{\nolinkurl{doi:10.1145/1835698.1835783}}.},
  publisher = {ACM Press},
  booktitle = {Proc.\ 29th Annual ACM Symposium on Principles of Distributed Computing (PODC 2010)}
}

@book{vazirani01approximation,
  author = {Vazirani, Vijay V.},
  title = {Approximation Algorithms},
  year = {2001},
  publisher = {Springer},
  address = {Berlin}
}

@article{yamashita96computing,
  author = {Yamashita, Masafumi and Kameda, Tsunehiko},
  title = {Computing on anonymous networks: part {I}---characterizing the solvable cases},
  year = {1996},
  pages = {69--89},
  note = {\href{http://dx.doi.org/10.1109/71.481599}{\nolinkurl{doi:10.1109/71.481599}}.},
  journal = {IEEE Transactions on Parallel and Distributed Systems},
  number = {1},
  volume = {7}
}

@article{yannakakis80edge,
  author = {Yannakakis, Mihalis and Gavril, Fanica},
  title = {Edge dominating sets in graphs},
  year = {1980},
  pages = {364--372},
  note = {\href{http://dx.doi.org/10.1137/0138030}{\nolinkurl{doi:10.1137/0138030}}.},
  journal = {SIAM Journal on Applied Mathematics},
  number = {3},
  volume = {38}
}

